@article{计算机工程与应用03_fig,
author = {  张阳婷 and     黄德启 and     王东伟 and 贺佳佳},
title = {基于深度学习的目标检测算法研究与应用综述},
journal = {计算机工程与应用},
volume = {59},
number = {18},
pages = {1-13},
year = {2023},
issn = {1002-8331},
}    

@article{计算机工程与应用04_fig,
author = {  杨锋 and     丁之桐 and     邢蒙蒙 and 丁波},
title = {深度学习的目标检测算法改进综述},
journal = {计算机工程与应用},
volume = {59},
number = {11},
pages = {1-15},
year = {2023},
issn = {1002-8331},
}    
